<?xml version="1.0" encoding="UTF-8"?>
<collection xmlns:xsi="http://www.w3.org/2001/XMLSchema-instance" xsi:schemaLocation="http://www.loc.gov/MARC21/slim http://www.loc.gov/standards/marcxml/schema/MARC21slim.xsd" xmlns="http://www.loc.gov/MARC21/slim">
<record>
  <leader>02196cam a2200397Ia 4500</leader>
  <controlfield tag="001">3063315</controlfield>
  <controlfield tag="003">NNC</controlfield>
  <controlfield tag="005">20160118123334.0</controlfield>
  <controlfield tag="008">990120s1963    ir h          000 0 arard</controlfield>
  <datafield tag="035" ind1=" " ind2=" ">
    <subfield code="a">(OCoLC)ocm40971650</subfield>
  </datafield>
  <datafield tag="035" ind1=" " ind2=" ">
    <subfield code="a">(OCoLC)40971650</subfield>
  </datafield>
  <datafield tag="035" ind1=" " ind2=" ">
    <subfield code="a">(NNC)3063315</subfield>
  </datafield>
  <datafield tag="040" ind1=" " ind2=" ">
    <subfield code="a">CGU</subfield>
    <subfield code="b">eng</subfield>
    <subfield code="c">CGU</subfield>
    <subfield code="d">OSU</subfield>
    <subfield code="d">OCLCG</subfield>
    <subfield code="d">OCLCF</subfield>
    <subfield code="d">OCLCQ</subfield>
    <subfield code="d">OCLCO</subfield>
  </datafield>
  <datafield tag="041" ind1="1" ind2=" ">
    <subfield code="a">araper</subfield>
    <subfield code="h">ara</subfield>
  </datafield>
  <datafield tag="050" ind1=" " ind2="4">
    <subfield code="a">BP156.T88</subfield>
    <subfield code="b">N5 1963</subfield>
  </datafield>
  <datafield tag="100" ind1="1" ind2=" ">
    <subfield code="6">880-01</subfield>
    <subfield code="a">Ṭūsī, Muḥammad ibn al-Ḥasan,</subfield>
    <subfield code="d">995-1067?</subfield>
  </datafield>
  <datafield tag="240" ind1="1" ind2="0">
    <subfield code="6">880-02</subfield>
    <subfield code="a">Nihāyah fī mujarrad al-fiqh wa-al-fatāwá.</subfield>
    <subfield code="l">Persian &amp; Arabic</subfield>
  </datafield>
  <datafield tag="245" ind1="1" ind2="3">
    <subfield code="a">al-Nihāyah fī mujarrad al-fiqh wa-al-fatāwá /</subfield>
    <subfield code="c">imlāʼ Abī Jaʻfar Muḥammad ibn al-Ḥasan ibn ʻAlī al-Ṭūsī ; bā tarjumah-ʼi Fārsī-i ān bi-kūshish-i Muḥammad Taqī Dānishʹpazhūh.</subfield>
  </datafield>
  <datafield tag="260" ind1=" " ind2=" ">
    <subfield code="a">[Tehran] :</subfield>
    <subfield code="b">Chāpkhānah-ʼi Dānishgāh,</subfield>
    <subfield code="c">1342 [1963]</subfield>
  </datafield>
  <datafield tag="300" ind1=" " ind2=" ">
    <subfield code="a">2 volumes :</subfield>
    <subfield code="b">facsimiles ;</subfield>
    <subfield code="c">24 cm.</subfield>
  </datafield>
  <datafield tag="336" ind1=" " ind2=" ">
    <subfield code="a">text</subfield>
    <subfield code="b">txt</subfield>
    <subfield code="2">rdacontent</subfield>
  </datafield>
  <datafield tag="337" ind1=" " ind2=" ">
    <subfield code="a">unmediated</subfield>
    <subfield code="b">n</subfield>
    <subfield code="2">rdamedia</subfield>
  </datafield>
  <datafield tag="338" ind1=" " ind2=" ">
    <subfield code="a">volume</subfield>
    <subfield code="b">nc</subfield>
    <subfield code="2">rdacarrier</subfield>
  </datafield>
  <datafield tag="490" ind1="1" ind2=" ">
    <subfield code="a">Hadiyah-ʼi duktur Aṣghar Mahdavī bi-Dānishgāh-i Tihrān ;</subfield>
    <subfield code="v">shumārah-ʼi 3</subfield>
  </datafield>
  <datafield tag="546" ind1=" " ind2=" ">
    <subfield code="a">Text in Arabic with Persian translation on facing pages.</subfield>
  </datafield>
  <datafield tag="650" ind1=" " ind2="0">
    <subfield code="a">Islamic law.</subfield>
  </datafield>
  <datafield tag="650" ind1=" " ind2="7">
    <subfield code="a">Islamic law.</subfield>
    <subfield code="2">fast</subfield>
    <subfield code="0">(OCoLC)fst00979949</subfield>
  </datafield>
  <datafield tag="700" ind1="1" ind2=" ">
    <subfield code="6">880-03</subfield>
    <subfield code="a">Dānishʹpazhūh, Muḥammad Taqī.</subfield>
  </datafield>
  <datafield tag="830" ind1=" " ind2="0">
    <subfield code="a">Publications de l'Université de Tehran.</subfield>
    <subfield code="p">Hadīyah-ʼi Duktur Aṣghar Mahdavī bih Dānishgāh-i Tihrān ;</subfield>
    <subfield code="v">shumārah-ʼi 3.</subfield>
  </datafield>
  <datafield tag="880" ind1="1" ind2=" ">
    <subfield code="6">100-01/r</subfield>
    <subfield code="a">طوسي، محمد بن الحسن,</subfield>
    <subfield code="d">995-1067?.</subfield>
  </datafield>
  <datafield tag="880" ind1="1" ind2="0">
    <subfield code="6">240-02/r</subfield>
    <subfield code="a">نهاية في مجرد الفقه والفتاوى.</subfield>
    <subfield code="l">العربية والفارسية</subfield>
  </datafield>
  <datafield tag="880" ind1="1" ind2="2">
    <subfield code="6">245-00/r</subfield>
    <subfield code="a">النهاية في مجرد الفقه والفتاوى /</subfield>
    <subfield code="c">إملاء أبي جعفر محمد بن الحسن بن علي الطوسي. با ترجمۀ فارسي بكوشش محمد تقي دانش ڀژوه.</subfield>
  </datafield>
  <datafield tag="880" ind1=" " ind2=" ">
    <subfield code="6">260-00/r</subfield>
    <subfield code="a">[تهران]</subfield>
    <subfield code="b">چاٻخانه دانشگاه،</subfield>
    <subfield code="c">٤٣-١٣٤٢.</subfield>
  </datafield>
  <datafield tag="880" ind1="0" ind2=" ">
    <subfield code="6">490-00/r</subfield>
    <subfield code="a">هديۀ دكتر اصغر مهدوي بدانشگاه تهران،</subfield>
    <subfield code="v">شمارۀ ٣</subfield>
  </datafield>
  <datafield tag="880" ind1="1" ind2=" ">
    <subfield code="6">700-03/r</subfield>
    <subfield code="a">دانشپژوه، محمد تقي.</subfield>
  </datafield>
  <datafield tag="955" ind1=" " ind2=" ">
    <subfield code="b">0026815460</subfield>
    <subfield code="d">glx</subfield>
    <subfield code="e">893.799 T8733</subfield>
    <subfield code="v">v.2</subfield>
  </datafield>
</record>
</collection>